<?xml version="1.0" encoding="UTF-8"?><collection xmlns="http://www.loc.gov/MARC21/slim"><record><leader>00493nam--2200181-u-4500</leader><controlfield tag="001">000051170</controlfield><controlfield tag="002">20161230</controlfield><controlfield tag="005">20161230201049</controlfield><controlfield tag="008">080528s1000------------r-----000-0-eng-d</controlfield><datafield ind1=" " ind2=" " tag="040"><subfield code="a">IFIN-HH</subfield></datafield><datafield ind1=" " ind2=" " tag="080"><subfield code="a">513</subfield></datafield><datafield ind1="1" ind2=" " tag="100"><subfield code="a">Lobachevskii,N.I</subfield></datafield><datafield ind1="1" ind2="0" tag="245"><subfield code="a">Sochineniya po Geometrii. Geometricheskie Issledovaniya po Teorii Parallelnykh Linii. O Nachalakh Geometrii</subfield></datafield><datafield ind1=" " ind2=" " tag="260"><subfield code="a">Moskva</subfield><subfield code="c">1946</subfield></datafield><datafield ind1=" " ind2=" " tag="300"><subfield code="a">412 p</subfield></datafield><datafield ind1=" " ind2=" " tag="490"><subfield code="a">Tom Pervyi</subfield></datafield><datafield ind1=" " ind2=" " tag="852"><subfield code="a">50370</subfield><subfield code="c">513</subfield></datafield><datafield ind1=" " ind2=" " tag="CAT"><subfield code="a">Sys</subfield><subfield code="c">20080528</subfield><subfield code="h">083848</subfield></datafield></record></collection>